2211 3115
399 198 447 228 vl
1011 225 1017 231 .

333 246 400 298 do
431 260 542 306 tua,
581 261 737 314 aeque
777 261 832 296 ac
870 245 1050 314 reliqui
1086 243 1298 310 Regales
1337 246 1530 300 Fratres
1567 250 1668 310 tui,
1706 263 1854 319 atque
1887 252 1974 311 Sn-

338 335 513 377 roreS,
567 317 853 388 praeferat3
901 320 985 371 sed
1035 323 1083 372 ὅτ,
1130 320 1265 389 apud
1316 323 1464 375 Italos
1511 324 1798 394 percrebuit
1847 321 1989 382 fama*

341 410 438 444 tam
476 395 570 444 rari
618 395 959 463 praeclarique
997 398 1280 447 ornamenti
1325 399 1374 448 in
1425 398 1617 450 Palatiis
1660 398 1885 465 Regum:
1927 415 1972 450 a·

342 467 688 533 gnoseentibus
727 469 955 531 cunffls,'
992 470 1128 522 dono
1172 473 1320 522 etiam
1362 486 1462 522 tam
1507 476 1806 528 invidentiae
1855 492 1970 545 pro-

339 545 397 594 lis
435 560 675 594 coronare
714 545 886 596 Deum
926 545 1129 598 voluiss'e
1170 546 1473 599 Genitor-um
1513 565 1711 602 tuorum
1756 549 1973 613 Religio-

344 635 495 678 nem,
546 619 813 671 maritalem
861 622 1219 679 concordiam,
1271 626 1555 692 ceterasque
1603 629 1826 677 Virtutes
1863 625 1971 677 ,Ca-

343 694 541 746 tholicis
585 694 801 760 Regibus
840 700 1122 766 praelertim
1170 703 1547 750 contentaneaS.
1589 701 1763 752 Nullus
1809 713 1973 748 autem

345 768 552 827 dubim,
596 772 715 838 quin
760 775 1019 841 postquam
1061 772 1370 832 adoleveris,
1414 790 1627 827 amorem
1672 781 1719 828 ὅτ.
1764 774 1973 826 studium

343 846 625 900 Litterarum
670 845 730 896 ad
773 846 1055 912 magnificas
1099 848 1251 898 animi
1288 852 1579 917 generiique
1616 852 1691 901 tui
1738 841 1879 899 dotes
1921 841 1977 897 fis

346 919 625 970 additurus.
672 920 822 970 Tunc
869 923 1018 974 Libet
1060 924 1171 980 iste,
1216 937 1366 990 quem
1408 938 1496 973 tuo
1544 923 1764 975 Nomine
1811 921 1976 972 inscri-

342 1010 486 1065 ptum
531 993 651 1043 Tibi
693 996 899 1057 sacravia
944 1013 1044 1048 una
1082 1013 1197 1048 cum
1239 999 1651 1065 praecedentibus
1691 999 1823 1054 aliis,
1862 1009 1980 1045 ante

347 1069 519 1121 oculos
566 1082 714 1128 tum,
764 1085 818 1120 ut
868 1072 1044 1140 spero,
1085 1087 1340 1126 recurret,
1383 1071 1566 1139 Teque
1610 1073 1671 1123 ad
1721 1070 1976 1124 Eruditio-

343 1160 459 1195 nem
502 1141 865 1196 barbaricorum
903 1146 1191 1197 Seculorum
1231 1141 1377 1195 facile
1420 1145 1691 1213 perducem
1729 1161 1892 1213 neque
1930 1161 1980 1195 e-

343 1221 446 1269 nim
490 1234 610 1269 tunc
660 1219 739 1269 alii
785 1219 842 1269 ab
889 1221 1072 1271 Italicis
1111 1235 1253 1269 erant
1295 1220 1622 1271 Germanicae
1665 1222 1824 1287 gentis
1866 1237 1976 1272 mo·

346 1310 457 1345 res.
507 1294 602 1345 Sed
649 1294 849 1361 quando
892 1312 1024 1345 nunc
1071 1311 1189 1363 prae
1231 1294 1350 1344 exili
1398 1308 1560 1344 aetate
1599 1296 1685 1345 tufa
1729 1295 1855 1346 hanc
1898 1313 1979 1347 re·

348 1386 457 1420 rum
498 1367 671 1418 seriem
716 1372 950 1437 excipere
995 1384 1162 1420 mente
1202 1384 1306 1418 non
1344 1383 1515 1437 potes,
1565 1370 1662 1420 hoc
1706 1387 1859 1420 unum
1901 1372 1986 1422 sal-

347 1457 451 1495 tem
488 1457 543 1493 ut
577 1442 841 1507 intelligas,
876 1447 925 1495 &
958 1445 1220 1495 memoriae
1264 1445 1464 1494 mandes
1493 1459 1650 1512 op.ro;
1682 1443 1866 1494 scilicet
1901 1463 1981 1495 me

350 1517 521 1569 humili
574 1517 813 1585 obsequio
868 1534 985 1582 erga
1037 1516 1395 1570 Celfitudinem
1446 1531 1580 1566 tuam
1629 1515 1982 1568 Sereniffimam

350 1592 536 1643 nemini
566 1593 876 1646 concedere.
910 1594 1072 1654 Quod
1103 1591 1343 1659 superest,
1378 1592 1543 1641 Deum
1572 1591 1839 1660 Optimum
1878 1591 1985 1642 Ma-

349 1671 538 1721 ximum
576 1681 750 1730 rogare
799 1683 901 1715 non
942 1667 1178 1724 desinam,
1212 1680 1266 1715 ut
1308 1683 1421 1716 cum
1461 1669 1633 1715 aetatis
1668 1668 1986 1718 incremento

351 1745 501 1793 animi
552 1756 755 1810 quoque
802 1743 873 1790 tui
920 1742 1145 1793 Virtutes
1192 1739 1443 1796 crescant„
1485 1745 1656 1808 quibus
1707 1740 1788 1791 Te
1838 1757 1983 1792 tanto

354 1819 496 1870 Patre
534 1818 738 1881 dignum
776 1817 982 1883 probes,
1011 1819 1063 1867 «Sc
1094 1817 1298 1865 eximius
1336 1816 1450 1867 Rex
1488 1815 1631 1868 Pater
1673 1830 1786 1867 tuus
1817 1813 1869 1867 ‘te
1904 1831 1992 1882 ge-

354 1893 507 1945 nuisse
543 1895 735 1944 enixius
763 1895 817 1941 in
856 1893 960 1944 dies
994 1889 1236 1941 laetetur.

473 2041 880 2086 CELSITUDINIS
910 2039 1077 2083 TUAE
1106 2037 1535 2082 SERENISSIMAE

650 2233 839 2278 Mutinae
867 2235 920 2278 V.
950 2233 1040 2277 Idus
1072 2230 1314 2278 Novembrk
1343 2231 1674 2276 MDCCXLIIL

1074 2530 1313 2569 Humillt'mus,
1341 2526 1508 2573 Addiaiſs.
1532 2523 1570 2560 (τ’
1595 2519 1827 2580 Οῇβᾳιιεκείζὲ,
1850 2519 1991 2563 famulus

1182 2579 1388 2619 Ludovicus
1415 2576 1596 2617 Antonius
1621 2576 1868 2611 Muratonusa
